<?xml version="1.0" encoding="UTF-8"?><collection xmlns="http://www.loc.gov/MARC21/slim"><record><leader>00738nam--2200265-u-4500</leader><controlfield tag="001">000050304</controlfield><controlfield tag="002">20161230</controlfield><controlfield tag="003">81372</controlfield><controlfield tag="005">20161230201048</controlfield><controlfield tag="008">060523s1000------------r-----000-0-eng-d</controlfield><datafield ind1=" " ind2=" " tag="020"><subfield code="a">0-521-36485-X</subfield></datafield><datafield ind1=" " ind2=" " tag="040"><subfield code="a">IFIN-HH</subfield></datafield><datafield ind1="0" ind2="0" tag="041"><subfield code="a">eng</subfield></datafield><datafield ind1=" " ind2=" " tag="080"><subfield code="a">541.1</subfield></datafield><datafield ind1="1" ind2=" " tag="100"><subfield code="a">Valenzuela, Raul</subfield></datafield><datafield ind1="1" ind2="0" tag="245"><subfield code="a">Magnetic ceramics</subfield><subfield code="c">Raul Valenzuela</subfield></datafield><datafield ind1=" " ind2=" " tag="260"><subfield code="a">New York</subfield><subfield code="b">Cambridge University Press</subfield><subfield code="c">1994</subfield></datafield><datafield ind1=" " ind2=" " tag="300"><subfield code="a">312 p</subfield></datafield><datafield ind1=" " ind2=" " tag="490"><subfield code="a">Chemistry of Solid State Materials</subfield></datafield><datafield ind1=" " ind2=" " tag="504"><subfield code="a">Contine Reerinte bibliografice si Index</subfield></datafield><datafield ind1=" " ind2="4" tag="650"><subfield code="a">Ceramic materials - Magnetic properties</subfield></datafield><datafield ind1=" " ind2=" " tag="650"><subfield code="a">Ferrites - Magnetic properties</subfield></datafield><datafield ind1="1" ind2=" " tag="700"><subfield code="a">Valenzuela, Raul</subfield></datafield><datafield ind1=" " ind2=" " tag="852"><subfield code="a">81372</subfield><subfield code="c">541.1</subfield></datafield><datafield ind1=" " ind2=" " tag="CAT"><subfield code="a">Sys</subfield><subfield code="c">20060523</subfield><subfield code="h">083618</subfield></datafield></record></collection>